<?xml version="1.0" encoding="UTF-8"?><collection xmlns="http://www.loc.gov/MARC21/slim"><record><leader>00572nam--2200181-i-4500</leader><controlfield tag="001">000017284</controlfield><controlfield tag="002">20161230</controlfield><controlfield tag="005">20161230201032</controlfield><controlfield tag="008">060222s1000------------r-----000-0-rum-d</controlfield><datafield ind1=" " ind2=" " tag="041"><subfield code="a">IFIN-HH</subfield></datafield><datafield ind1=" " ind2=" " tag="080"><subfield code="a">537.5(043)</subfield></datafield><datafield ind1="1" ind2=" " tag="100"><subfield code="a">Lungu, Cristian Petrica</subfield></datafield><datafield ind1="1" ind2="0" tag="245"><subfield code="a">Studiul proceselor fizice in descarcari in gaze, in curent alternativ de frecventa ridicata si aplicatii</subfield><subfield code="b">Teza</subfield><subfield code="c">Cristian petrica lungu</subfield></datafield><datafield ind1=" " ind2=" " tag="260"><subfield code="a">Bucuresti</subfield><subfield code="b">Ifa</subfield><subfield code="c">1993</subfield></datafield><datafield ind1=" " ind2=" " tag="300"><subfield code="a">146P</subfield></datafield><datafield ind1=" " ind2=" " tag="502"><subfield code="a">Conducator Stiintific: Dr. Geavit Musa</subfield></datafield><datafield ind1=" " ind2=" " tag="852"><subfield code="a">80068</subfield><subfield code="c">537.52</subfield></datafield><datafield ind1=" " ind2=" " tag="CAT"><subfield code="a">Sys</subfield><subfield code="c">20110805</subfield><subfield code="h">122643</subfield></datafield></record></collection>